@article{Bajaj_2009,
    title = {{A randomised controlled trial comparing eusol and sugar as dressing agents in the treatment of traumatic wounds}},
    year = {2009},
    journal = {Tropical Doctor},
    author = {Bajaj, G and Karn, N K and Shrestha, B P and Kumar, P and Singh, Mahi Pal},
    number = {1},
    month = {1},
    pages = {1--3},
    volume = {39},
    publisher = {SAGE Publications},
    url = {https://doi.org/10.1258%2Ftd.2008.080322 http://journals.sagepub.com/doi/10.1258/td.2008.080322},
    doi = {10.1258/td.2008.080322},
    issn = {0049-4755}
}

@article{Cukjati_2001,
    title = {{A reliable method of determining wound healing rate}},
    year = {2001},
    journal = {Medical {\&} Biological Engineering {\&} Computing},
    author = {Cukjati, D and Reber{\v{s}}ek, S and Miklav{\v{c}}i{\v{c}}, D},
    number = {2},
    month = {3},
    pages = {263--271},
    volume = {39},
    publisher = {Springer Science and Business Media LLC},
    url = {https://doi.org/10.1007%2Fbf02344811 http://link.springer.com/10.1007/BF02344811},
    doi = {10.1007/BF02344811},
    issn = {0140-0118}
}

@article{Benskin_2013,
    title = {{A Review of the Literature Informing Affordable, Available Wound Management Choices for Rural Areas of Tropical Developing Countries}},
    year = {2013},
    journal = {Ostomy Wound Management},
    author = {Benskin, Linda L},
    number = {10},
    month = {10},
    pages = {20--41},
    volume = {59},
    publisher = {HMP Communications, LLC},
    url = {https://doi.org/10.25270%2Fowm.2013.10.2041 https://www.o-wm.com/article/review-literature-informing-affordable-available-wound-management-choices-rural-areas-tropic},
    doi = {10.25270/owm.2013.10.2041},
    issn = {08895899}
}

@misc{CDC_Smoking,
    title = {{Adult Tobacco Use Information - Glossary}},
    year = {2017},
    author = {Control, Centers for Disease and {Prevention}},
    howpublished = {https://www.cdc.gov/nchs/nhis/tobacco/tobacco{\_}glossary.htm}
}

@article{Okeniyi_2005,
    title = {{Comparison of Healing of Incised Abscess Wounds with Honey and EUSOL Dressing}},
    year = {2005},
    journal = {The Journal of Alternative and Complementary Medicine},
    author = {Okeniyi, John A.O. and Olubanjo, Olasunkanmi O and Ogunlesi, Tinuade A and Oyelami, Oyeku A},
    number = {3},
    month = {6},
    pages = {511--513},
    volume = {11},
    publisher = {Mary Ann Liebert Inc},
    url = {https://doi.org/10.1089%2Facm.2005.11.511 http://www.liebertpub.com/doi/10.1089/acm.2005.11.511},
    doi = {10.1089/acm.2005.11.511},
    issn = {1075-5535}
}

@article{Smith_2013,
    title = {{Debridement for surgical wounds}},
    year = {2013},
    journal = {Cochrane Database of Systematic Reviews},
    author = {Smith, Fiona and Dryburgh, Nancy and Donaldson, Jayne and Mitchell, Melloney},
    month = {9},
    publisher = {Wiley},
    url = {https://doi.org/10.1002%2F14651858.cd006214.pub4 http://doi.wiley.com/10.1002/14651858.CD006214.pub4},
    doi = {10.1002/14651858.CD006214.pub4},
    issn = {14651858}
}

@article{Gethin_2015,
    title = {{Debridement for venous leg ulcers}},
    year = {2015},
    journal = {Cochrane Database of Systematic Reviews},
    author = {Gethin, Georgina and Cowman, Seamus and Kolbach, Dinanda N},
    month = {9},
    publisher = {Wiley},
    url = {https://doi.org/10.1002%2F14651858.cd008599.pub2 http://doi.wiley.com/10.1002/14651858.CD008599.pub2},
    doi = {10.1002/14651858.CD008599.pub2},
    issn = {14651858}
}

@article{Winter_1963,
    title = {{Effect of Air Drying and Dressings on the Surface of a Wound}},
    year = {1963},
    journal = {Nature},
    author = {WINTER, GEORGE D and SCALES, JOHN T},
    number = {4862},
    month = {1},
    pages = {91--92},
    volume = {197},
    url = {https://doi.org/10.1038/197091b0 http://www.nature.com/articles/197091b0},
    doi = {10.1038/197091b0},
    issn = {0028-0836}
}

@article{Duggan_1916,
    title = {{EUSOL AND OTHER METHODS OF WOUND TREATMENT}},
    year = {1916},
    journal = {BMJ},
    author = {Duggan, C W},
    number = {2898},
    month = {7},
    pages = {74--75},
    volume = {2},
    publisher = {BMJ},
    url = {https://doi.org/10.1136%2Fbmj.2.2898.74-a http://www.bmj.com/cgi/doi/10.1136/bmj.2.2898.74-a},
    doi = {10.1136/bmj.2.2898.74-a},
    issn = {0959-8138}
}

@article{connor1916eusol,
    title = {{Eusol and Plague: A Suggestion}},
    year = {1916},
    journal = {The Indian Medical Gazette},
    author = {Connor, F Powell},
    number = {2},
    pages = {73},
    volume = {51},
    publisher = {Pandeya Publications}
}

@article{Leaper_1992,
    title = {{Eusol.}},
    year = {1992},
    journal = {BMJ},
    author = {Leaper, D J},
    number = {6832},
    month = {4},
    pages = {930--931},
    volume = {304},
    publisher = {BMJ},
    url = {https://doi.org/10.1136%2Fbmj.304.6832.930 http://www.bmj.com/cgi/doi/10.1136/bmj.304.6832.930},
    doi = {10.1136/bmj.304.6832.930},
    issn = {0959-8138}
}

@article{Patton_1992,
    title = {{Eusol: the continuing controversy.}},
    year = {1992},
    journal = {BMJ},
    author = {Patton, M A},
    number = {6842},
    month = {6},
    pages = {1636--1636},
    volume = {304},
    publisher = {BMJ},
    url = {https://doi.org/10.1136%2Fbmj.304.6842.1636-a http://www.bmj.com/cgi/doi/10.1136/bmj.304.6842.1636-a},
    doi = {10.1136/bmj.304.6842.1636-a},
    issn = {0959-8138}
}

@article{Smith_1915,
    title = {{Experimental Observations ON THE ANTISEPTIC ACTION OF HYPOCHLOROUS ACID AND ITS APPLICATION TO WOUND TREATMENT}},
    year = {1915},
    journal = {BMJ},
    author = {Smith, J L and Drennan, A M and Rettie, T and Campbell, W},
    number = {2847},
    month = {7},
    pages = {129--136},
    volume = {2},
    publisher = {BMJ},
    url = {https://doi.org/10.1136%2Fbmj.2.2847.129 http://www.bmj.com/cgi/doi/10.1136/bmj.2.2847.129},
    doi = {10.1136/bmj.2.2847.129},
    issn = {0959-8138}
}

@article{Burton_1992,
    title = {{For and against Eusol.}},
    year = {1992},
    journal = {BMJ},
    author = {Burton, J L},
    number = {6839},
    month = {5},
    pages = {1442--1443},
    volume = {304},
    publisher = {BMJ},
    url = {https://doi.org/10.1136%2Fbmj.304.6839.1442-b http://www.bmj.com/cgi/doi/10.1136/bmj.304.6839.1442-b},
    doi = {10.1136/bmj.304.6839.1442-b},
    issn = {0959-8138}
}

@article{GATS_2010,
    title = {{Global Adult Tobacco Survey(GATS)}},
    year = {2010},
    journal = {Biomedical and Environmental Sciences},
    author = {for Disease Control, Centers and {Prevention}},
    number = {6},
    month = {12},
    pages = {451--452},
    volume = {23},
    url = {https://doi.org/10.1016/s0895-3988(11)60006-8 https://linkinghub.elsevier.com/retrieve/pii/S0895398811600068},
    doi = {10.1016/S0895-3988(11)60006-8},
    issn = {08953988}
}

@article{Jull_2015,
    title = {{Honey as a topical treatment for wounds}},
    year = {2015},
    journal = {Cochrane Database of Systematic Reviews},
    author = {Jull, Andrew B and Cullum, Nicky and Dumville, Jo C and Westby, Maggie J and Deshpande, Sohan and Walker, Natalie},
    month = {3},
    publisher = {Wiley},
    url = {https://doi.org/10.1002%2F14651858.cd005083.pub4 http://doi.wiley.com/10.1002/14651858.CD005083.pub4},
    doi = {10.1002/14651858.CD005083.pub4},
    issn = {14651858}
}

@article{Reinar_2019,
    title = {{Interventions for ulceration and other skin changes caused by nerve damage in leprosy}},
    year = {2019},
    journal = {Cochrane Database of Systematic Reviews},
    author = {Reinar, Liv Merete and Forsetlund, Louise and Lehman, Linda Faye and Brurberg, Kjetil G},
    month = {7},
    publisher = {Wiley},
    url = {https://doi.org/10.1002%2F14651858.cd012235.pub2 http://doi.wiley.com/10.1002/14651858.CD012235.pub2},
    doi = {10.1002/14651858.CD012235.pub2},
    issn = {14651858}
}

@article{Edmiston_2016,
    title = {{Intra-Operative Surgical Irrigation of the Surgical Incision: What Does the Future Hold—Saline, Antibiotic Agents, or Antiseptic Agents?}},
    year = {2016},
    journal = {Surgical Infections},
    author = {Edmiston, Charles E and Leaper, David J},
    number = {6},
    month = {12},
    pages = {656--664},
    volume = {17},
    url = {https://doi.org/10.1089/sur.2016.158 https://www.liebertpub.com/doi/10.1089/sur.2016.158},
    doi = {10.1089/sur.2016.158},
    issn = {1096-2964}
}

@article{Lim_2000,
    title = {{Normal saline wound dressing—is it really normal?}},
    year = {2000},
    journal = {British Journal of Plastic Surgery},
    author = {Lim, J.K. and Saliba, L and Smith, M.J. and Curtin, P and McTavish, J and Raine, C},
    number = {1},
    month = {1},
    pages = {42--45},
    volume = {53},
    url = {https://doi.org/10.1054/bjps.1999.3246 https://linkinghub.elsevier.com/retrieve/pii/S0007122699932460},
    doi = {10.1054/bjps.1999.3246},
    issn = {00071226}
}

@article{Farrow_1991,
    title = {{The place of Eusol in wound management}},
    year = {1991},
    journal = {Nursing Standard},
    author = {Farrow, Stephen and Toth, Ben},
    number = {22},
    month = {2},
    pages = {25--26},
    volume = {5},
    publisher = {RCN Publishing Ltd.},
    url = {https://doi.org/10.7748%2Fns.5.22.25.s39 http://journals.rcni.com/doi/10.7748/ns.5.22.25.s39},
    doi = {10.7748/ns.5.22.25.s39},
    issn = {0029-6570}
}

@article{pieper18_role_salin_irrig_prior_to,
    title = {{The role of saline irrigation prior to wound closure in the reduction of surgical site infection: protocol for a systematic review and meta-analysis}},
    year = {2018},
    journal = {Systematic Reviews},
    author = {Pieper, Dawid and Rombey, Tanja and Doerner, Johannes and Rembe, Julian-Dario and Zirngibl, Hubert and Zarras, Konstantinos and Ambe, Peter C},
    number = {1},
    month = {12},
    pages = {152},
    volume = {7},
    url = {https://doi.org/10.1186/s13643-018-0813-7 https://systematicreviewsjournal.biomedcentral.com/articles/10.1186/s13643-018-0813-7},
    doi = {10.1186/s13643-018-0813-7},
    issn = {2046-4053}
}

@book{ICGT_2015,
    title = {{Type 2 Diabetes in Adults: Management}},
    year = {2015},
    author = {Team, Internal Clinical Guidelines},
    publisher = {National Institute for Health and Care Excellence (UK)},
    address = {London},
    pmid = {26741015}
}

@article{Grey_2006,
    title = {{Wound assessment}},
    year = {2006},
    journal = {BMJ},
    author = {Grey, Joseph E and Enoch, Stuart and Harding, Keith G},
    number = {7536},
    month = {2},
    pages = {285--288},
    volume = {332},
    publisher = {BMJ},
    url = {https://doi.org/10.1136%2Fbmj.332.7536.285 http://www.bmj.com/lookup/doi/10.1136/bmj.332.7536.285},
    doi = {10.1136/bmj.332.7536.285},
    issn = {0959-8138}
}

@article{Wilkins_2013,
    title = {{Wound Cleaning and Wound Healing}},
    year = {2013},
    journal = {Advances in Skin {\&} Wound Care},
    author = {Wilkins, Robert G and Unverdorben, Martin},
    number = {4},
    month = {4},
    pages = {160--163},
    volume = {26},
    url = {https://doi.org/10.1097/01.asw.0000428861.26671.41 http://journals.lww.com/00129334-201304000-00004},
    doi = {10.1097/01.ASW.0000428861.26671.41},
    issn = {1527-7941}
}

@article{Gonzalez_2016,
    title = {{Wound healing - A literature review}},
    year = {2016},
    journal = {Anais Brasileiros de Dermatologia},
    author = {Gonzalez, Ana Cristina de Oliveira and Costa, Tila Fortuna and Andrade, Zilton de Araújo and Medrado, Alena Ribeiro Alves Peixoto},
    number = {5},
    month = {10},
    pages = {614--620},
    volume = {91},
    publisher = {FapUNIFESP (SciELO)},
    url = {https://doi.org/10.1590%2Fabd1806-4841.20164741 http://www.scielo.br/scielo.php?script=sci_arttext&pid=S0365-05962016000500614&lng=en&tlng=en},
    doi = {10.1590/abd1806-4841.20164741},
    issn = {0365-0596}
}